<?xml version="1.0" encoding="utf-8"?>
<record xmlns="http://www.loc.gov/MARC21/slim" xmlns:xsi="http://www.w3.org/2001/XMLSchema-instance" xsi:schemaLocation="http://www.loc.gov/MARC21/slim http://www.loc.gov/standards/marcxml/schema/MARC21slim.xsd">
	<leader>     nam a22     Mi 4500</leader>
	<controlfield tag="001">b12815020</controlfield>
	<controlfield tag="003">UaCaAUL</controlfield>
	<controlfield tag="006">m        d        </controlfield>
	<controlfield tag="007">cr cn |||m|||a</controlfield>
	<controlfield tag="008">191028s1933    ua a    o     000 0 ara d</controlfield>
	<datafield ind1=" " ind2=" " tag="040">
		<subfield code="a">ZYU</subfield>
		<subfield code="b">ara</subfield>
		<subfield code="e">rda</subfield>
		<subfield code="c">ZYU</subfield>
	</datafield>
	<datafield ind1=" " ind2=" " tag="043">
		<subfield code="a">f-ua---</subfield>
		<subfield code="a">n-mx---</subfield>
		<subfield code="a">f-sj---</subfield>
	</datafield>
	<datafield ind1=" " ind2="4" tag="050">
		<subfield code="a">DT81</subfield>
		<subfield code="b">.U5 1933</subfield>
	</datafield>
	<datafield ind1="1" ind2=" " tag="100">
		<subfield code="6">880-01</subfield>
		<subfield code="a">Ṭūsūn, ʻUmar,</subfield>
		<subfield code="c">Prince,</subfield>
		<subfield code="d">1872-1944,</subfield>
		<subfield code="e">author.</subfield>
	</datafield>
	<datafield ind1="1" ind2="0" tag="245">
		<subfield code="6">880-02</subfield>
		<subfield code="a">Buṭūlat al-ūrṭah al-Sūdānīyah al-Miṣrīyah fī ḥarb al-Miksīk /</subfield>
		<subfield code="c">lil-Amīr ʻUmar Ṭūsūn.</subfield>
	</datafield>
	<datafield ind1=" " ind2="1" tag="264">
		<subfield code="6">880-03</subfield>
		<subfield code="a">al-Iskandarīyah :</subfield>
		<subfield code="b">Maṭbaʻat Ṣalāḥ al-Dīn,</subfield>
		<subfield code="c">1933.</subfield>
	</datafield>
	<datafield ind1=" " ind2=" " tag="300">
		<subfield code="a">online resource (137 pages) :</subfield>
		<subfield code="b">illustrations</subfield>
	</datafield>
	<datafield ind1=" " ind2=" " tag="336">
		<subfield code="a">text</subfield>
		<subfield code="2">rdacontent</subfield>
	</datafield>
	<datafield ind1=" " ind2=" " tag="337">
		<subfield code="a">computer</subfield>
		<subfield code="2">rdamedia</subfield>
	</datafield>
	<datafield ind1=" " ind2=" " tag="338">
		<subfield code="a">online resource</subfield>
		<subfield code="2">rdacarrier</subfield>
	</datafield>
	<datafield ind1=" " ind2=" " tag="500">
		<subfield code="a">Includes Errata page.</subfield>
	</datafield>
	<datafield ind1=" " ind2=" " tag="500">
		<subfield code="a">Part of the Arabic Collections Online (ACO) project, contributed by American University in Cairo Library.</subfield>
	</datafield>
	<datafield ind1=" " ind2=" " tag="533">
		<subfield code="a">Electronic reproduction.</subfield>
		<subfield code="b">New York, N.Y. :</subfield>
		<subfield code="c">New York University,</subfield>
		<subfield code="d">2019.</subfield>
		<subfield code="5">NNU</subfield>
	</datafield>
	<datafield ind1="1" ind2="0" tag="610">
		<subfield code="a">France.</subfield>
		<subfield code="b">Armée.</subfield>
		<subfield code="b">Bataillon nègre égyptien</subfield>
		<subfield code="x">History.</subfield>
	</datafield>
	<datafield ind1="1" ind2="0" tag="610">
		<subfield code="a">France.</subfield>
		<subfield code="b">Armée.</subfield>
		<subfield code="b">Légion étrangère</subfield>
		<subfield code="x">History.</subfield>
	</datafield>
	<datafield ind1="1" ind2="0" tag="610">
		<subfield code="a">France.</subfield>
		<subfield code="b">Armée de terre.</subfield>
		<subfield code="b">Légion étrangère</subfield>
		<subfield code="x">History.</subfield>
	</datafield>
	<datafield ind1="1" ind2="7" tag="610">
		<subfield code="a">France.</subfield>
		<subfield code="b">Armée.</subfield>
		<subfield code="b">Bataillon nègre égyptien.</subfield>
		<subfield code="2">fast</subfield>
		<subfield code="0">(OCoLC)fst00698467</subfield>
	</datafield>
	<datafield ind1="1" ind2="7" tag="610">
		<subfield code="a">France.</subfield>
		<subfield code="b">Armée de terre.</subfield>
		<subfield code="b">Légion étrangère.</subfield>
		<subfield code="2">fast</subfield>
		<subfield code="0">(OCoLC)fst00650048</subfield>
	</datafield>
	<datafield ind1="1" ind2="7" tag="610">
		<subfield code="a">France.</subfield>
		<subfield code="b">Armée.</subfield>
		<subfield code="b">Légion étrangère.</subfield>
		<subfield code="2">fast</subfield>
		<subfield code="0">(OCoLC)fst00537280</subfield>
	</datafield>
	<datafield ind1="2" ind2="7" tag="611">
		<subfield code="a">European Intervention in Mexico (1861-1867)</subfield>
		<subfield code="2">fast</subfield>
		<subfield code="0">(OCoLC)fst01353058</subfield>
	</datafield>
	<datafield ind1=" " ind2="0" tag="651">
		<subfield code="a">Egypt</subfield>
		<subfield code="x">History, Military.</subfield>
	</datafield>
	<datafield ind1=" " ind2="0" tag="651">
		<subfield code="a">Mexico</subfield>
		<subfield code="x">History</subfield>
		<subfield code="y">European intervention, 1861-1867.</subfield>
	</datafield>
	<datafield ind1=" " ind2="0" tag="651">
		<subfield code="a">Sudan</subfield>
		<subfield code="x">History, Military.</subfield>
	</datafield>
	<datafield ind1=" " ind2="0" tag="651">
		<subfield code="a">Egypt</subfield>
		<subfield code="x">Relations</subfield>
		<subfield code="z">France.</subfield>
	</datafield>
	<datafield ind1=" " ind2="0" tag="651">
		<subfield code="a">France</subfield>
		<subfield code="x">Relations</subfield>
		<subfield code="z">Egypt.</subfield>
	</datafield>
	<datafield ind1=" " ind2="7" tag="650">
		<subfield code="a">International relations.</subfield>
		<subfield code="2">fast</subfield>
		<subfield code="0">(OCoLC)fst00977053</subfield>
	</datafield>
	<datafield ind1=" " ind2="7" tag="651">
		<subfield code="a">Egypt.</subfield>
		<subfield code="2">fast</subfield>
		<subfield code="0">(OCoLC)fst01208755</subfield>
	</datafield>
	<datafield ind1=" " ind2="7" tag="651">
		<subfield code="a">France.</subfield>
		<subfield code="2">fast</subfield>
		<subfield code="0">(OCoLC)fst01204289</subfield>
	</datafield>
	<datafield ind1=" " ind2="7" tag="651">
		<subfield code="a">Mexico.</subfield>
		<subfield code="2">fast</subfield>
		<subfield code="0">(OCoLC)fst01211700</subfield>
	</datafield>
	<datafield ind1=" " ind2="7" tag="651">
		<subfield code="a">Sudan.</subfield>
		<subfield code="2">fast</subfield>
		<subfield code="0">(OCoLC)fst01204591</subfield>
	</datafield>
	<datafield ind1=" " ind2="7" tag="648">
		<subfield code="a">1861-1867</subfield>
		<subfield code="2">fast</subfield>
	</datafield>
	<datafield ind1=" " ind2="7" tag="655">
		<subfield code="a">History.</subfield>
		<subfield code="2">fast</subfield>
		<subfield code="0">(OCoLC)fst01411628</subfield>
	</datafield>
	<datafield ind1=" " ind2="7" tag="655">
		<subfield code="a">Military history.</subfield>
		<subfield code="2">fast</subfield>
		<subfield code="0">(OCoLC)fst01411630</subfield>
	</datafield>
	<datafield ind1="2" ind2=" " tag="710">
		<subfield code="a">American University in Cairo.</subfield>
		<subfield code="b">Library.</subfield>
	</datafield>
	<datafield ind1="0" ind2=" " tag="730">
		<subfield code="a">Arabic Collections Online.</subfield>
	</datafield>
	<datafield ind1="0" ind2="8" tag="776">
		<subfield code="i">Print version:</subfield>
		<subfield code="a">Ṭūsūn, ʻUmar, Prince, 1872-1944, author.</subfield>
		<subfield code="t">Buṭūlat al-ūrṭah al-Sūdānīyah al-Miṣrīyah fī ḥarb al-Miksīk</subfield>
		<subfield code="w">(UaCaAUL)b12815020</subfield>
		<subfield code="w">(OCoLC)318940906</subfield>
	</datafield>
	<datafield ind1="4" ind2="0" tag="856">
		<subfield code="u">http://hdl.handle.net/2333.1/9s4mwgf9</subfield>
	</datafield>
	<datafield ind1="1" ind2=" " tag="880">
		<subfield code="6">100-01</subfield>
		<subfield code="a">طوسون، عمر،</subfield>
		<subfield code="c">أمير،</subfield>
		<subfield code="d">1872-1944.</subfield>
	</datafield>
	<datafield ind1="1" ind2="0" tag="880">
		<subfield code="6">245-02</subfield>
		<subfield code="a">بطولة الأورطة السودانية المصرية في حرب المكسيك /</subfield>
		<subfield code="c">للأمير عمر طوسون.</subfield>
	</datafield>
	<datafield ind1=" " ind2="1" tag="880">
		<subfield code="6">264-03</subfield>
		<subfield code="a">الإسكندرية :</subfield>
		<subfield code="b">مطبعة صلاح الدين،</subfield>
		<subfield code="c">1933.</subfield>
	</datafield>
	<datafield ind1=" " ind2=" " tag="959">
		<subfield code="a">NNU</subfield>
		<subfield code="b">WEB</subfield>
		<subfield code="c">GENI</subfield>
		<subfield code="t">0</subfield>
		<subfield code="m">Electronic access</subfield>
		<subfield code="s">01</subfield>
	</datafield>
	<datafield ind1=" " ind2=" " tag="999">
		<subfield code="i">UaCaAUL_b12815020</subfield>
		<subfield code="o">(OCoLC)ocn318940906</subfield>
		<subfield code="s">auc_aco000570</subfield>
		<subfield code="s">auc_aco000570</subfield>
	</datafield>
</record>
